<record xmlns='http://www.loc.gov/MARC21/slim'><leader>01068cim a22003012u 4500</leader><controlfield tag='001'>3600800</controlfield><controlfield tag='005'>20151214182714.0</controlfield><controlfield tag='007'>ss|lmnjluz|nuu</controlfield><controlfield tag='008'>991101s1985    nyunnn         l    eng d</controlfield><datafield ind1=' ' ind2=' ' tag='035'><subfield code='a'>(NIC)notisASF7865</subfield></datafield><datafield ind1=' ' ind2=' ' tag='035'><subfield code='a'>3600800</subfield></datafield><datafield ind1=' ' ind2=' ' tag='035'><subfield code='a'>(OCoLC)63896624</subfield></datafield><datafield ind1=' ' ind2=' ' tag='040'><subfield code='a'>NIC</subfield><subfield code='c'>NIC</subfield><subfield code='d'>NIC</subfield></datafield><datafield ind1='1' ind2=' ' tag='100'><subfield code='a'>Soyinka, Wole.</subfield></datafield><datafield ind1='1' ind2='0' tag='245'><subfield code='a'>Outward glance and inward retreat:  ambivalence in African arts and literature</subfield><subfield code='h'>[sound recording]</subfield></datafield><datafield ind1=' ' ind2=' ' tag='260'><subfield code='c'>1985.</subfield></datafield><datafield ind1=' ' ind2=' ' tag='300'><subfield code='a'>1 sound cassette (75 min.) :</subfield><subfield code='b'>analog, mono.</subfield></datafield><datafield ind1=' ' ind2=' ' tag='500'><subfield code='a'>Recorded in Ithaca, NY by Cornell University.</subfield></datafield><datafield ind1=' ' ind2=' ' tag='500'><subfield code='a'>Sponsored by: Society for the Humanities.</subfield></datafield><datafield ind1=' ' ind2=' ' tag='518'><subfield code='a'>Lecture, November 11, 1985.</subfield></datafield><datafield ind1=' ' ind2=' ' tag='520'><subfield code='a'>Soyinka provides a detailed analysis of African art and discusses Western attitudes toward it.</subfield></datafield><datafield ind1=' ' ind2='0' tag='650'><subfield code='a'>African literature.</subfield></datafield><datafield ind1=' ' ind2='0' tag='650'><subfield code='a'>Art, African.</subfield></datafield><datafield ind1=' ' ind2='7' tag='650'><subfield code='a'>African literature</subfield><subfield code='2'>fast</subfield><subfield code='0'>(OCoLC)fst00799832</subfield></datafield><datafield ind1=' ' ind2='7' tag='650'><subfield code='a'>Art, African</subfield><subfield code='2'>fast</subfield><subfield code='0'>(OCoLC)fst00815861</subfield></datafield><datafield ind1='1' ind2=' ' tag='899'><subfield code='a'>CULectures</subfield></datafield><datafield ind1=' ' ind2=' ' tag='905'><subfield code='a'>19991201120000.0</subfield></datafield><datafield ind1='2' ind2=' ' tag='948'><subfield code='a'>20141221</subfield><subfield code='b'>m</subfield><subfield code='d'>batch</subfield><subfield code='e'>lts</subfield><subfield code='x'>addfast</subfield></datafield></record>